@book{IRAOxf18,
	title={The IRA, social media and political polarization in the United States, 2012-2018},
	author={Howard, Philip N and Ganesh, Bharath and Liotsiou, Dimitra and Kelly, John and Fran{\c{c}}ois, Camille},
	year={2019},
	pages = {3}
}

@online{DFL17,
	author = {Jabs, Thorsten},
	title = {\glqq AfD hat 30 Prozent des Social-Media-Traffics ausgemacht\grqq},
	year = {2017},
	url = {https://www.deutschlandfunkkultur.de/rueckblick-auf-den-wahlkampf-im-netz-afd-hat-30-prozent-des.1008.de.html?dram:article_id=396594}
}

@online{ISD18,
	author = {Kreißel, Philip and Ebner, Julia and Urban, Alexander and Guhl, Jakob},
	title = {Hass auf Knopfdruck},
	titleaddon = {Rechtsextreme Trollfabriken und das Ökosystem koordinierter Hasskampagnen im Netz},
	year = {2018},
	month = {07},
	url = {http://www.isdglobal.org/wp-content/uploads/2018/07/ISD_Ich_Bin_Hier_2.pdf}
}

@incollection{HuLiu12,
	author = {Hu, Xia and Liu, Huan},
	editor = {Aggarwal, Charu C. and Zhai, ChengXiang},
	title = {Text Analytics in Social Media},
	booktitle = {Mining Text Data},
	year = {2012},
	publisher = {Springer},
	pages = {389}
}

@book{MannSch99,
	author = {Manning, Christopher D. and Schütze, Hinrich},
	title = {Foundations of Statistical Natural Language Processing},
	publisher = {The MIT Press},
	year = {1999},
	pages = {124-125}
}

@article{Air06,
	author = {Airio, Eija},
	title = {Word normalization and decompounding in mono-and bilingual IR},
	journal = {Information Retrieval},
	year = {2006},
	volume = {9},
	number = {3},
	pages = {2-3}
}

@article{Kuma15,
	author = {Kumawat, Deepika and Jain, Vinesh},
	title = {POS Tagging Approaches: A Comparison},
	journal = {International Journal of Computer Applications},
	year = {2015},
	month = {05},
	volume = {118},
	number = {6},
	pages = {32}
}

@article{Kow19,
	author = {Kowsari, Kamran and Meimandi, Kiana Jafari and Heidarysafa, Mojtaba and Mendu, Sanjana and Barnes, Laura and Brown, Donald},
	title = {Text Classification Algorithms: A Survey},
	year = {2019},
	journal = {Information},
	volume = {10},
	number = {4},
	doi = {https://doi.org/10.3390/info10040150}
}

@book{LinWar18,
	author = {Linvill, Darren L. and Warren, Patrick L.},
	title = {Troll Factories: The Internet Research Agency and State-Sponsored Agenda Building},
	year = {2018}

}

@book{Ramos13,
	author = {Ramos, Juan},
	title = {Using TF-IDF to Determine Word Relevance in Document Queries},
	year = {2003}
}

@article{Mikolov13,
	author = {Mikolov, Tomas and Chen, Kai and Corrado, Greg and Dean, Jeffrey},
	title = {Efficient Estimation of Word Representations in Vector Space},
	year = {2013},
	eprint={1301.3781},
	archivePrefix={arXiv}
}

@article{LeeSeung99,
	author = {Lee, Daniel D. and Seung, H. Sebastian},
	title = {Learning the parts of objects by non-negative matrix factorization},
	year = {1999},
	journal = {Nature},
	volume = {401},
	pages = {788-791}
}

@book{Jol02,
	author = {Joliffe, I.T.},
	title = {Principal Component Analysis},
	year = {2002},
	publisher = {Springer},
	series = {Springer Series in Statistics},
	edition = {2}
}

@article{Zhou16,
	author = {Zhou, Qifan and Zhang, Hai and Lari, Zahra and Liu, Zhenbo and El-Sheimy, Naser},
	year = {2016},
	month = {10},
	pages = {1752},
	title = {Design and Implementation of Foot-Mounted Inertial Sensor Based Wearable Electronic Device for Game Play Application},
	volume = {16},
	journal = {Sensors},
	doi = {10.3390/s16101752}
}

@article{Guo04,
	author = {Guo, Gongde and Wang, Hui and Bell, David and Bi, Yaxin},
	year = {2004},
	month = {08},
	pages = {},
	title = {KNN Model-Based Approach in Classification}
}

@article{Rish01,
	author = {Rish, Irina},
	year = {2001},
	month = {01},
	pages = {},
	title = {An Empirical Study of the Naïve Bayes Classifier},
	volume = {3},
	journal = {IJCAI 2001 Work Empir Methods Artif Intell}
}

@article{Nayak15,
	author = {Nayak, Janmenjoy and Naik, Bighnaraj and Behera H. S.},
	title = {A Comprehensive Survey on Support Vector Machine in Data Mining Tasks: Applications & Challenges},
	year = {2015},
	journal = {International Journal of Database Theory and Application},
	volume = {8},
	number = {1},
	pages = {169-186},
	doi = {http://dx.doi.org/10.14257/ijdta.2015.8.1.18}
}

@article{scikit-learn,
	title={Scikit-learn: Machine Learning in {P}ython},
	author={Pedregosa, F. and Varoquaux, G. and Gramfort, A. and Michel, V.
	and Thirion, B. and Grisel, O. and Blondel, M. and Prettenhofer, P.
	and Weiss, R. and Dubourg, V. and Vanderplas, J. and Passos, A. and
	Cournapeau, D. and Brucher, M. and Perrot, M. and Duchesnay, E.},
	journal={Journal of Machine Learning Research},
	volume={12},
	pages={2825--2830},
	year={2011}
}